34100000      081232981486000182                    03117 000000006454 7MARKET COMPANY SUPER MARKET   BANCO ITAU S/A                          22109201903442202768908106250                                                                     
34100011C2001081 232981486000182                    03117 000000006454 7MARKET COMPANY SUPER MARKET   REMESSA REPASSES ORGANIZADORE           RUA FERNANDES TOURINHO        00147               BELO HORIZONTE      30112000MG                  
3410001300048A00000034102932 000000019264 0INGUENIL GEAXI KEPYUREOS      647459CAF699        20092019BRL000000000000000000000000013000040286751000487     20092019000000000013000COMPANY IN SOLUC          00041688624023            000        
3410001300048ZFCC73B9CBAC1B04EBFE4C78ECF024E71B2B44F44F640194D5AAA5302FBC59614647459CAF699             040286751000487                                                                                                                          
3410001300049A00000034100417 000000020245 4INSTITUTO DAS AGUASCLA R AGUAS449621CAF699        20092019BRL000000000000000000000000107928040286751000495     20092019000000000107928COMPANY IN SOLUC          90501761000110            000        
3410001300049ZFCC73B9CBAC1B04EBFE4C78ECF024E71B2B44F44F640194DFE49CC0A5BB98618449621CAF699             040286751000495                                                                                                                          
34100015         000102000000000008846827000000000000000000                                                                                                                                                                                     
34100021C2041081 232981486000182                    03117 000000006454 7MARKET COMPANY SUPER MARKET   REMESSA REPASSES ORGANIZADORE           RUA FERNANDES TOURINHO        00147               BELO HORIZONTE      30112000MG                  
3410002300003A00000023702395 000000018821 2MAILLYY RONDA CPATAIN RUMOSAS 565495CAF700        20092019BRL607469480000000000000000035750040290600000037     20092019000000000035750                    14284100000886269032  00010     000        
3410002300003ZFCC73B9CBAC1B04EBFE4C78ECF024E7173B0175EF7FF99AF4E29F6E4C6FE8D92565495CAF700             040290600000037                                                                                                                          
3410002300004A00000023706536 000000013257 8ALVIS ANHAGUERA ORTOBER SOLOS 526480CAF700        20092019BRL607469480000000000000000014400040290600000045     20092019000000000014400                    14284200043021456090  00010     0DV        
3410002300005A00000000103425 000000701722 7HYPEE SUPERMERCADOS LTDA      595955CAF700        20092019BRL000000000000000000000001292000040290600000052     20092019000000001292000                    14284314236733000134  00010     000        
3410002300005ZFCC73B9CBAC1B04EBFE4C78ECF024E7173B0175EF7FF99AFC48A566794BF1383595955CAF700             040290600000052                                                                                                                          
34100025         000243000000000029308734000000000000000000                                                                                                                                                                                     
34199999         000002000347000000                                                                                                                                                                                                             
